<collection xmlns="http://www.loc.gov/MARC21/slim">
<record>
  <leader>01330nam0a22002531i 450 </leader>
  <controlfield tag="001">IT\ICCU\CNCE\058206</controlfield>
  <controlfield tag="005">20110519000000.0</controlfield>
  <datafield tag="100" ind1=" " ind2=" ">
    <subfield code="a">20040514f1552        0itac0103    ba</subfield>
  </datafield>
  <datafield tag="101" ind1=" " ind2=" ">
    <subfield code="a">ITA</subfield>
  </datafield>
  <datafield tag="102" ind1=" " ind2=" ">
    <subfield code="a">IT</subfield>
  </datafield>
  <datafield tag="200" ind1="1" ind2=" ">
    <subfield code="a">Discorso del Contile academico fenicio sopra li cinque sensi del corpo nel comento d&apos;un sonetto del signor Giuliano Goselini, al caualier Leone scultore cesareo</subfield>
  </datafield>
  <datafield tag="210" ind1=" " ind2=" ">
    <subfield code="a">\Milano</subfield>
    <subfield code="c">Valerio e Girolamo Meda!</subfield>
    <subfield code="d">\1552!</subfield>
  </datafield>
  <datafield tag="215" ind1=" " ind2=" ">
    <subfield code="a">LXV, \3! c.</subfield>
    <subfield code="d">8ʻ</subfield>
  </datafield>
  <datafield tag="300" ind1=" " ind2=" ">
    <subfield code="a">La data si ricava a c. A2v.DOPPIA 13175</subfield>
  </datafield>
  <datafield tag="620" ind1=" " ind2=" ">
    <subfield code="a">IT</subfield>
    <subfield code="d">Milano</subfield>
  </datafield>
  <datafield tag="700" ind1=" " ind2="1">
    <subfield code="a">Contile,</subfield>
    <subfield code="b">Luca</subfield>
    <subfield code="3">IT\ICCU\CNCA\003469</subfield>
  </datafield>
  <datafield tag="712" ind1="0" ind2="0">
    <subfield code="a">Meda, Valerio &amp; Meda, Girolamo</subfield>
    <subfield code="3">IT\ICCU\CNCT\000036</subfield>
    <subfield code="4">650</subfield>
  </datafield>
  <datafield tag="790" ind1=" " ind2="0">
    <subfield code="a">Furioso Accademico Intronato</subfield>
    <subfield code="3">IT\ICCU\CNCA\014280</subfield>
    <subfield code="z">Contile, Luca</subfield>
  </datafield>
  <datafield tag="790" ind1=" " ind2="0">
    <subfield code="a">Guidato Accademico Affidato</subfield>
    <subfield code="3">IT\ICCU\CNCA\014302</subfield>
    <subfield code="z">Contile, Luca</subfield>
  </datafield>
  <datafield tag="791" ind1="0" ind2="0">
    <subfield code="a">Meda, Girolamo</subfield>
    <subfield code="3">IT\ICCU\CNCT\000037</subfield>
    <subfield code="z">Meda, Valerio &amp; Meda, Girolamo</subfield>
  </datafield>
  <datafield tag="801" ind1=" " ind2="3">
    <subfield code="a">IT</subfield>
    <subfield code="b">ICCU</subfield>
    <subfield code="c">20201115</subfield>
  </datafield>
  <datafield tag="899" ind1=" " ind2=" ">
    <subfield code="a">Biblioteca nazionale Braidense. Milano</subfield>
    <subfield code="1">MI0185</subfield>
    <subfield code="2">MIL NB</subfield>
  </datafield>
  <datafield tag="911" ind1=" " ind2=" ">
    <subfield code="a">Sul front. e in fine</subfield>
    <subfield code="9">IT\ICCU\CNCM\001256</subfield>
  </datafield>
  <datafield tag="921" ind1=" " ind2=" ">
    <subfield code="a">IT\ICCU\CNCM\001256</subfield>
    <subfield code="b">Vigilanza (donna appoggiata a colonna con una mela nella mano destra e un serpente nella sinistra. In cornice con il motto.</subfield>
    <subfield code="e">Neque vi neque dolo</subfield>
    <subfield code="c">Z1199</subfield>
    <subfield code="d">Dimensioni: 6 x 7,8</subfield>
    <subfield code="f">NEQUEVINQU</subfield>
    <subfield code="f">VIGILANZA</subfield>
    <subfield code="f">DONNA</subfield>
    <subfield code="f">SERPENTE</subfield>
    <subfield code="f">MELA</subfield>
    <subfield code="g">1550-1558</subfield>
  </datafield>
</record>
</collection>
